<record><leader>00000cas a22000007a 4500</leader><controlfield tag="001">11181022</controlfield><controlfield tag="008">840921d18681977inuwr ne      0    0eng d</controlfield><datafield ind1=" " ind2=" " tag="010"><subfield code="a">sn 84038030 </subfield></datafield><datafield ind1=" " ind2=" " tag="040"><subfield code="a">NPX</subfield><subfield code="b">eng</subfield><subfield code="c">NPX</subfield><subfield code="d">NPU</subfield><subfield code="d">NPI</subfield><subfield code="d">NSD</subfield><subfield code="d">OCLCQ</subfield></datafield><datafield ind1=" " ind2=" " tag="042"><subfield code="a">msc</subfield></datafield><datafield ind1="0" ind2=" " tag="130"><subfield code="a">Rockville Republican (Rockville, Ind.)</subfield></datafield><datafield ind1="1" ind2="0" tag="245"><subfield code="a">Rockville Republican.</subfield></datafield><datafield ind1=" " ind2=" " tag="260"><subfield code="a">Rockville, Ind. :</subfield><subfield code="b">M. &amp; J. Keeney,</subfield><subfield code="c">1868-1977.</subfield></datafield><datafield ind1=" " ind2=" " tag="310"><subfield code="a">Weekly</subfield></datafield><datafield ind1="0" ind2=" " tag="362"><subfield code="a">Vol. 14, no. 41 (June 24, 1868)-v. 144, no. 35 (Aug. 29, 1977).</subfield></datafield><datafield ind1=" " ind2=" " tag="515"><subfield code="a">Vol. 14, no. 41 preceded by two unnumbered issues called: Republican--extra; June 10 and June 17, 1868.</subfield></datafield><datafield ind1=" " ind2=" " tag="752"><subfield code="a">United States</subfield><subfield code="b">Indiana</subfield><subfield code="c">Parke</subfield><subfield code="d">Rockville.</subfield></datafield><datafield ind1="0" ind2="0" tag="780"><subfield code="t">Parke County Republican</subfield><subfield code="w">(DLC)sn 84038029</subfield></datafield><datafield ind1="0" ind2="5" tag="780"><subfield code="t">Bloomingdale world</subfield><subfield code="w">(DLC)sn 87055164</subfield></datafield><datafield ind1="0" ind2="5" tag="780"><subfield code="t">Parke County journal</subfield><subfield code="w">(DLC)sn 87055155</subfield></datafield><datafield ind1="0" ind2="7" tag="785"><subfield code="t">Rockville tribune</subfield><subfield code="w">(DLC)sn 87055149</subfield></datafield><datafield ind1="0" ind2="7" tag="785"><subfield code="t">Parke County sentinel</subfield><subfield code="x">1044-7822</subfield><subfield code="w">(DLC)sn 86063068</subfield><subfield code="w">(OCoLC)13105234</subfield></datafield></record>